@article{Abnet2018,
author = {Abnet, Christian C and Arnold, Melina and Wei, Wen-Qiang},
title = {{Epidemiology of Esophageal Squamous Cell Carcinoma}},
journal = {Gastroenterology},
year = {2018},
volume = {154},
number = {2},
pages = {360--373},
month = jan
}

@article{Taylor2013,
author = {Taylor, Philip R and Abnet, Christian C and Dawsey, Sanford M},
title = {{Squamous dysplasia--the precursor lesion for esophageal squamous cell carcinoma.}},
journal = {Cancer Epidemiology Biomarkers {\&} Prevention},
year = {2013},
volume = {22},
number = {4},
pages = {540--552},
month = apr
}

@article{Lee2011,
  title={Revisit of field cancerization in squamous cell carcinoma of upper aerodigestive tract: better risk assessment with epigenetic markers},
  author={Lee, Yi-Chia and Wang, Hsiu-Po and Wang, Cheng-Ping and Ko, Jenq-Yuh and Lee, Jang-Ming and Chiu, Han-Mo and Lin, Jaw-Town and Yamashita, Satoshi and Oka, Daiji and Watanabe, Naoko and others},
  journal={Cancer prevention research},
  volume={4},
  number={12},
  pages={1982--1992},
  year={2011},
  publisher={AACR}
}

@article{Brown2001,
  title={Silverman D, Baris D, Hayes R, Swanson GM, et al. Excess incidence of squamous cell esophageal cancer among US Black men: role of social class and other risk factors},
  author={Brown, LM and Hoover, R},
  journal={Am J Epidemiol},
  volume={153},
  pages={114--22},
  year={2001}
}

@article{Wang2018,
	Author = {Wang, QL and Xie, SH and Wahlin, K and Lagergren, J},
	Date-Added = {2020-07-16 21:40:23 +0000},
	Date-Modified = {2020-07-16 20:27:00 +0000},
	Journal = {Clinical Epidemiology},
	Number = {},
	Pages = {717-728},
	Title = {Global time trends in the incidence of esophageal squamous cell carcinoma},
	Volume = {10},
	Year = {2018}}

@article{Gonzalez2013,
	Author = {Gonzalez, L and Magno, P and Ortiz, AP and Ortiz-Ortiz, K and Hess, K and Nogueras-Gonzalez, GM and Suarez, E},
	Date-Added = {2020-07-16 21:40:23 +0000},
	Date-Modified = {2020-07-16 20:27:00 +0000},
	Journal = {Cancer Epidemiol},
	Number = {1},
	Pages = {5-10},
	Title = {Esophageal cancer incidence rates by histological type and overall: Puerto Rico versus the United States Surveillance, Epidemiology, and End Results population, 1992-2005},
	Volume = {37},
	Year = {2013}}

@article{Castro2018,
	Author = {Castro, C and Peleteiro, B and Lunet, N},
	Date-Added = {2020-07-16 21:40:23 +0000},
	Date-Modified = {2020-07-16 20:27:00 +0000},
	Journal = {J Gastroenterol},
	Number = {1},
	Pages = {37-51},
	Title = {Modifiable factors and esophageal cancer: a systematic review of published meta-analyses},
	Volume = {53},
	Year = {2018}}


@article{Xie2018,
	Author = {Xie, SH and Lagergren, J},
	Date-Added = {2020-07-16 21:40:23 +0000},
	Date-Modified = {2020-07-16 20:27:00 +0000},
	Journal = {Best Pract Res Clin Gastroenterol},
	Number = {},
	Pages = {3-8},
	Title = {Risk factors for oesophageal cancer},
	Volume = {36-37},
	Year = {2018}}

@article{Thrift2014,
	Author = {Thrift, AP and Cook, MB and Vaughan, TL and Anderson, LA and Murray, LJ and Whiteman, DC and Shaheen, NJ and Corley, DA},
	Date-Added = {2020-07-16 21:40:23 +0000},
	Date-Modified = {2020-07-16 20:27:00 +0000},
	Journal = {Am J Gastroenterol},
	Number = {10},
	Pages = {1586-94},
	Title = {Alcohol and the risk of Barrett's esophagus: a pooled analysis from the International BEACON Consortium},
	Volume = {109},
	Year = {2014}}


@article{NavarroSilvera2014,
	Author = {Navarro Silvera, SA and Mayne, ST and Gammon, MD and Vaughan, TL and Chow, WH and Durbin, JA and Dubrow, R and Stanford, JL and West, AB and Rotterdam, H and Blot, WJ and Risch, HA},
	Date-Added = {2020-07-16 21:40:23 +0000},
	Date-Modified = {2020-07-16 20:27:00 +0000},
	Journal = {Ann Epidemiol},
	Number = {1},
	Pages = {50-7},
	Title = {Diet and lifestyle factors and risk of subtypes of esophageal and gastric cancers: classification tree analysis},
	Volume = {24},
	Year = {2014}}


@article{Kroep2014,
	Author = {Kroep, S and Lansdorp-Vogelaar, I and Rubenstein, JH and Lemmens, VE and van Heijningen, EB and Aragones, N and van Ballegooijen, M and Inadomi, JM},
	Date-Added = {2020-07-16 21:40:23 +0000},
	Date-Modified = {2020-07-16 20:27:00 +0000},
	Journal = {Am J Gastroenterol},
	Number = {3},
	Pages = {336-43; quiz 335, 344},
	Title = {Comparing trends in esophageal adenocarcinoma incidence and lifestyle factors between the United States, Spain, and the Netherlands},
	Volume = {109},
	Year = {2014}}

@article{Hazelton2015,
	Author = {Hazelton, WD and Curtius, K and Inadomi, JM and Vaughan, TL and Meza, R and Rubenstein, JH and Hur, C and Luebeck, EG},
	Date-Added = {2020-07-16 21:40:23 +0000},
	Date-Modified = {2020-07-16 20:27:00 +0000},
	Journal = {Cancer Epidemiol Biomarkers Prev},
	Number = {7},
	Pages = {1012-23},
	Title = {The Role of Gastroesophageal Reflux and Other Factors during Progression to Esophageal Adenocarcinoma},
	Volume = {24},
	Year = {2015}}
	
	@article{Lam2020,
	Author = {Lam, AK},
	Date-Added = {2020-07-16 21:40:23 +0000},
	Date-Modified = {2020-07-16 20:27:00 +0000},
	Journal = {Methods Mol Biol},
	Number = {},
	Pages = {7-18},
	Title = {Histopathological Assessment for Esophageal Squamous Cell Carcinoma},
	Volume = {2129},
	Year = {2020}}
	
@article{Drahos2016,
	Author = {Drahos, J and Xiao, Q and Risch, HA and Freedman, ND and Abnet, CC  and Anderson, LA and Bernstein, L and Brown, L and Chow, WH and Gammon, MD and Kamanger, F and Liao, LM and Murray, LJ and Ward, MH and Ye, W and Wu, AH and Vaughan, TL and Whiteman, DC and Cook, MB},
	Date-Added = {2020-07-16 21:40:23 +0000},
	Date-Modified = {2020-07-16 20:27:00 +0000},
	Journal = {Int J Cancer},
	Number = {1},
	Pages = {55-64},
	Title = {Age-specific risk factor profiles of adenocarcinomas of the esophagus: A pooled analysis from the international BEACON consortium},
	Volume = {138},
	Year = {2016}}

@article{Tian1998,
	Author = {Tian, D and Feng, Z and Hanley, NM and Setzer, RW and Mumford, JL and DeMarini, DM},
	Date-Added = {2020-07-16 21:40:23 +0000},
	Date-Modified = {2020-07-16 20:27:00 +0000},
	Journal = {Int J Cancer},
	Number = {5},
	Pages = {568-75},
	Title = {Multifocal accumulation of p53 protein in esophageal carcinoma: evidence for field cancerization},
	Volume = {78},
	Year = {1998}}
	
@article{Zhang2018,
	Author = {Zhang, W and Wang, DH},
	Date-Added = {2020-07-16 21:40:23 +0000},
	Date-Modified = {2020-07-16 20:27:00 +0000},
	Journal = {Dig Dis Sci},
	Number = {8},
	Pages = {2005-2012},
	Title = {Origins of Metaplasia in Barrett's Esophagus: Is this an Esophageal Stem or Progenitor Cell Disease?},
	Volume = {63},
	Year = {2018}}
	
@article{SEER2019,
	Author = {www.seer.cancer.gov},
	Date-Added = {2020-07-16 21:40:23 +0000},
	Date-Modified = {2020-07-16 20:27:00 +0000},
    	Journal = {Surveillance, Epidemiology, and End Results (SEER) Program},
	Number = {},
	Pages = {},
	Title = {},
	Volume = {},
	Year = {1973-2016. (Last accessed 8/21,2019)}}
	

@article{Katada2016,
	Author = {Katada, C and Yokoyama, T and Yano, T and Kaneko, K and Oda, I and Shimizu, Y and Doyama, H and Koike, T and Takizawa, K and Hirao, M and Okada, H and Hoshii, T and Konishi, K and Yamanouchi, T and Tsuda, T and Omori, T and Kobayashi, N and Shimoda, T and Ochiai, A and Amanuma, Y and Ohashi, S and Matsuda, T and Ishikawa, H and Yokoyama, A and Muto, M},
	Date-Added = {2020-07-16 21:40:23 +0000},
	Date-Modified = {2020-07-16 20:27:00 +0000},
	Journal = {Gastroenterology},
	Number = {5},
	Pages = {860-869 e7},
	Title = {Alcohol Consumption and Multiple Dysplastic Lesions Increase Risk of Squamous Cell Carcinoma in the Esophagus, Head, and Neck},
	Volume = {151},
	Year = {2016}}

@article{Kuwano1995,
	Author = {Kuwano, H and Sumiyoshi, K and Yasuda, M and Nozoe, T and Watanabe, M and Ohno, S and Sugimachi, K},
	Date-Added = {2020-07-16 21:40:23 +0000},
	Date-Modified = {2020-07-16 20:27:00 +0000},
	Journal = {Eur J Surg Oncol},
	Number = {5},
	Pages = {541-4},
	Title = {Histological suggestions of 'paratransformation' in oesophageal squamous cell carcinoma},
	Volume = {21},
	Year = {1995}}
	
@article{Pandeya2009,
	Author = {Pandeya, N and Williams, G and Green, AC and Webb, PM and Whiteman, DC and Australian Canc Study},
	Date-Added = {2020-07-16 21:40:23 +0000},
	Date-Modified = {2020-07-16 20:27:00 +0000},
	Journal = {Gastroenterology},
	Number = {4},
	Pages = {1215-1224},
	Title = {Alcohol Consumption and the Risks of Adenocarcinoma and Squamous Cell Carcinoma of the Esophagus},
	Volume = {136},
	Year = {2009}}
	
@article{Lin2015,
	Author = {Lin, SH and Wang, XR and Huang, CY and Liu, XD and Zhao, J and Yu, ITS and Christiani, DC},
	Date-Added = {2020-07-16 21:40:23 +0000},
	Date-Modified = {2020-07-16 20:27:00 +0000},
	Journal = {International Journal of Cancer},
	Number = {3},
	Pages = {582-589},
	Title = {Consumption of salted meat and its interactions with alcohol drinking and tobacco smoking on esophageal squamous-cell carcinoma},
	Volume = {137},
	Year = {2015}}

@article{Liu2019,
	Author = {Liu, S and Lin, Z and Huang, LP and Chen, HL and Liu, YF and He, F and Peng, XN and Cheng, WL and Huang, RG and Lu, WT and Yang, HM and Ziang, ZS and Zhang, ZH and Hu, ZJ},
	Date-Added = {2020-07-16 21:40:23 +0000},
	Date-Modified = {2020-07-16 20:27:00 +0000},
	Journal = {Bmc Complementary and Alternative Medicine},
	Number = {1},
	Pages = {},
	Title = {Oolong tea consumption and its interactions with a novel composite index on esophageal squamous cell carcinoma},
	Volume = {19},
	Year = {2019}}

@article{Matejcic2019,
	Author = {Matejcic, M and Mathew, CG and Parker, MI},
	Date-Added = {2020-07-16 21:40:23 +0000},
	Date-Modified = {2020-07-16 20:27:00 +0000},
	Journal = {Frontiers in Genetics},
	Number = {},
	Pages = {},
	Title = {The Relationship Between Environmental Exposure and Genetic Architecture of the 2q33 Locus With Esophageal Cancer in South Africa},
	Volume = {10},
	Year = {2019}}

@article{Canova2010,
	Author = {Canova, C and Richiardi, L and Merletti, F and Pentenero, M and Gervasio, C and Tanturri, G and Garzino-Demo, P and Pecorari, G and Talamini, R and Barzan, L and Sulfaro, S and Franchini, G and Muzzolini, C and Bordin, S and Bugliese, GN and Macri, E and Simonato, L},
	Date-Added = {2020-07-16 21:40:23 +0000},
	Date-Modified = {2020-07-16 20:27:00 +0000},
	Journal = {Frontiers in Genetics},
	Number = {1},
	Pages = {Alcohol, tobacco and genetic susceptibility in relation to cancers of the upper aerodigestive tract in northern Italy},
	Volume = {96},
	Year = {2010}}

@article{Nesteruk2019,
	Author = {Nesteruk, K and Spaander, MCW and Weeuwenburgh, I and Peppelenbosch, MP and Fuhler, GM},
	Date-Added = {2020-07-16 21:40:23 +0000},
	Date-Modified = {2020-07-16 20:27:00 +0000},
	Journal = {Biochimica Et Biophysica Acta-Reviews on Cancer},
	Number = {2},
	Pages = {},
	Title = {Achalasia and associated esophageal cancer risk: What lessons can we learn from the molecular analysis of Barrett's-associated adenocarcinoma?},
	Volume = {1872},
	Year = {2019}}
	
@article{Novacek2006,
	Author = {Novacek, G},
	Date-Added = {2020-07-16 21:40:23 +0000},
	Date-Modified = {2020-07-16 20:27:00 +0000},
	Journal = {Orphanet Journal of Rare Diseases},
	Number = {1},
	Pages = {},
	Title = {Plummer-Vinson syndrome},
	Volume = {1},
	Year = {2006}}
		
@article{Dinc2020,
	Author = {Dinc, B and Altay-Kocak, A and Aydog, G and Kuran, S and Akoglu, M and Ozkan, S and Bozdayi, G},
	Date-Added = {2020-07-16 21:40:23 +0000},
	Date-Modified = {2020-07-16 20:27:00 +0000},
	Journal = {Clinical Laboratory},
	Number = {3},
	Pages = {255-60},
	Title = {Detection of HPV DNA in Esophageal Lesions: a Cross-Sectional Study},
	Volume = {66},
	Year = {2020}}
			
@article{Tseng2020,
	Author = {Tseng, CM and Wang, HH and Lee, CT and Tai, CM and Tseng, CH and Chen, CC and Tsai, YN and Chen, TH and Hsu, MH and Wang, CC and Hwang, TZ and Wang,  HP and Wang, WL},
	Date-Added = {2020-07-16 21:40:23 +0000},
	Date-Modified = {2020-07-16 20:27:00 +0000},
	Journal = {Scientific Reports},
	Number = {1},
	Pages = {},
	Title = {A nationwide population-based study to access the risk of metachronous esophageal cancers in head and neck cancer survivors},
	Volume = {10},
	Year = {2020}}
	
@article{Hosur2018,
	Author = {Hosur, V and Farley, ML and Low, BE and Burzenski, LM and Shultz, LD and Wiles, MV},
	Date-Added = {2020-07-16 21:40:23 +0000},
	Date-Modified = {2020-07-16 20:27:00 +0000},
	Journal = {Frontiers in Genetics},
	Number = {},
	Pages = {},
	Title = {RHBDF2-Regulated Growth Factor Signaling in a Rare Human Disease, Tylosis With Esophageal Cancer: What Can We Learn From Murine Models?},
	Volume = {9},
	Year = {2018}}



@article{Hannum,
	Author = {Hannum, G and Guinney, J and Zhao, L and Zhang, L and Hughes, G and Sadda, S and Klotzle, B and Bibikova, M and Fan, J and Gao, Y and Deconde, R and Chen, M and Rajapakse, I and Friend, S and Ideker, T and Zhang, K},
	Date-Added = {2014-05-01 21:40:23 +0000},
	Date-Modified = {2014-08-26 20:27:00 +0000},
	Journal = {Mol Cell},
	Number = {2},
	Pages = {359-367},
	Title = {Genome-wide Methylation Profiles Reveal Quantitative Views of Human Aging Rates},
	Volume = {49},
	Year = {2013}}

@article{Horvath,
	Author = {Horvath, S},
	Date-Modified = {2015-05-17 00:43:36 +0000},
	Journal = {Genome Biol},
	Number = {R115},
	Title = {DNA methylation age of human tissues and cell types},
	Volume = {14},
	Year = {2013}}

@article{Alisch,
	Author = {Alisch, RA and Barwick, BG and Chopra, P and Myrick, LK and Satten, GA and Conneely, KN and Warren, ST},
	Date-Modified = {2015-05-17 00:10:10 +0000},
	Journal = {Genome Res},
	Pages = {623-632},
	Title = {Age-associated {DNA} methylation in pediatric populations},
	Volume = {22},
	Year = {2012}}

@article{Issa2014,
	Author = {Issa, Jean-Pierre},
	Journal = {J Clin Invest},
	Number = {1},
	Pages = {24--29},
	Publisher = {Am Soc Clin Investig},
	Title = {Aging and epigenetic drift: a vicious cycle},
	Volume = {124},
	Year = {2014}}

@inproceedings{Toyota1999,
	Author = {Toyota, Minoru and Issa, Jean-Pierre J},
	Booktitle = {Seminars in cancer biology},
	Number = {5},
	Organization = {Elsevier},
	Pages = {349--357},
	Title = {CpG island methylator phenotypes in aging and cancer},
	Volume = {9},
	Year = {1999}}

@article{Issa2001,
	Author = {Issa, Jean-Pierre J and Ahuja, Nita and Toyota, Minoru and Bronner, Mary P and Brentnall, Teresa A},
	Date-Modified = {2015-05-17 00:45:23 +0000},
	Journal = {Cancer Res},
	Number = {9},
	Pages = {3573--3577},
	Publisher = {AACR},
	Title = {Accelerated age-related CpG island methylation in ulcerative colitis},
	Volume = {61},
	Year = {2001}}

@article{Ahuja1998,
  title={Aging and DNA methylation in colorectal mucosa and cancer},
  author={Ahuja, Nita and Li, Qing and Mohan, Avinash L and Baylin, Stephen B and Issa, Jean-Pierre J},
  journal={Cancer research},
  volume={58},
  number={23},
  pages={5489--5494},
  year={1998},
  publisher={AACR}
}

@article{Campisi2013,
  title={Aging, cellular senescence, and cancer},
  author={Campisi, Judith},
  journal={Annual review of physiology},
  volume={75},
  pages={685},
  year={2013},
  publisher={NIH Public Access}
}

@article{Curtius2015,
  title={A Multiscale Model Evaluates Screening for Neoplasia in Barrett’s Esophagus},
  author={Curtius, Kit and Hazelton, William D and Jeon, Jihyoun and Luebeck, E Georg},
  journal={PLoS Comput Biol},
  volume={11},
  number={5},
  pages={e1004272},
  year={2015},
  publisher={Public Library of Science}
}

@article{Curtius2016,
  title={A Molecular Clock Infers Heterogeneous Tissue Age Among Patients with Barrett’s Esophagus},
  author={Curtius, Kit and Wong, Chao-Jen and Hazelton, William D and Kaz, Andrew M and Chak, Amitabh and Willis, Joseph E and Grady, William M and Luebeck, E Georg},
  journal={PLoS Comput Biol},
  volume={12},
  number={5},
  pages={e1004919},
  year={2016},
  publisher={Public Library of Science}
}

@article{Shibata2011,
	Author = {Shibata, Darryl},
	Journal = {Carcinogenesis},
	Number = {2},
	Pages = {123--128},
	Publisher = {Oxford Univ Press},
	Title = {Mutation and epigenetic molecular clocks in cancer},
	Volume = {32},
	Year = {2011}}

@article{Teschendorff2013,
	Author = {Teschendorff, Andrew E and West, James and Beck, Stephan},
	Date-Modified = {2015-05-17 01:06:49 +0000},
	Journal = {Hum Mol Genet},
	Pages = {ddt375},
	Publisher = {Oxford Univ Press},
	Title = {Age-associated epigenetic drift: implications, and a case of epigenetic thrift?},
	Year = {2013}}

@article{Guo2011,
	Author = {Guo, Junjie U and Su, Yijing and Zhong, Chun and Ming, Guo-li and Song, Hongjun},
	Journal = {Cell},
	Number = {3},
	Pages = {423--434},
	Publisher = {Elsevier},
	Title = {Hydroxylation of 5-methylcytosine by TET1 promotes active DNA demethylation in the adult brain},
	Volume = {145},
	Year = {2011}}

@article{Wu2010,
	Author = {Wu, Susan C and Zhang, Yi},
	Date-Modified = {2015-05-17 01:09:59 +0000},
	Journal = {Nat Rev Mol Cell Biol},
	Number = {9},
	Pages = {607--620},
	Publisher = {Nature Publishing Group},
	Title = {Active DNA demethylation: many roads lead to Rome},
	Volume = {11},
	Year = {2010}}

@article{Vilkaitis2005,
	Author = {Vilkaitis, Giedrius and Suetake, Isao and Klima{\v{s}}auskas, Saulius and Tajima, Shoji},
	Date-Modified = {2015-05-17 01:08:36 +0000},
	Journal = {J Biol Chem},
	Number = {1},
	Pages = {64--72},
	Publisher = {ASBMB},
	Title = {Processive methylation of hemimethylated CpG sites by mouse Dnmt1 DNA methyltransferase},
	Volume = {280},
	Year = {2005}}

@article{Sontag,
	Author = {Sontag, LB and Lorincz, MC and Luebeck, EG},
	Date-Modified = {2015-05-17 01:05:40 +0000},
	Journal = {J Theor Biol},
	Number = {4},
	Pages = {890-899},
	Title = {Dynamics, stability and inheritance of somatic DNA methylation imprints},
	Volume = {242},
	Year = {2006}}

@article{berard1994embedding,
  title={Embedding Riemannian manifolds by their heat kernel},
  author={B{\'e}rard, Pierre and Besson, G{\'e}rard and Gallot, Sylvain},
  journal={Geometric \& Functional Analysis GAFA},
  volume={4},
  number={4},
  pages={373--398},
  year={1994},
  publisher={Springer}
}

@article{coifman2005geometric,
  title={Geometric diffusions as a tool for harmonic analysis and structure definition of data: Diffusion maps},
  author={Coifman, Ronald R and Lafon, Stephane and Lee, Ann B and Maggioni, Mauro and Nadler, Boaz and Warner, Frederick and Zucker, Steven W},
  journal={Proceedings of the National Academy of Sciences of the United States of America},
  volume={102},
  number={21},
  pages={7426--7431},
  year={2005},
  publisher={National Acad Sciences}
}

@article{Bird2002,
  title={DNA methylation patterns and epigenetic memory},
  author={Bird, Adrian},
  journal={Genes \& development},
  volume={16},
  number={1},
  pages={6--21},
  year={2002},
  publisher={Cold Spring Harbor Lab}
}

@article{Lorincz2002,
  title={DNA methylation density influences the stability of an epigenetic imprint and Dnmt3a/b-independent de novo methylation},
  author={Lorincz, Matthew C and Sch{\"u}beler, Dirk and Hutchinson, Shauna R and Dickerson, David R and Groudine, Mark},
  journal={Molecular and cellular biology},
  volume={22},
  number={21},
  pages={7572--7580},
  year={2002},
  publisher={Am Soc Microbiol}
}

@article{Jaenisch2003,
  title={Epigenetic regulation of gene expression: how the genome integrates intrinsic and environmental signals},
  author={Jaenisch, Rudolf and Bird, Adrian},
  journal={Nature genetics},
  volume={33},
  pages={245--254},
  year={2003},
  publisher={Nature Publishing Group}
}

@article{VanLeeuwen:2006,
author = {van Leeuwen, I M M and Byrne, H M and Jensen, O E and King, J R},
title = {{Crypt dynamics and colorectal cancer: advances in mathematical modelling.}},
journal = {Cell proliferation},
year = {2006},
volume = {39},
number = {3},
pages = {157--181},
month = jun
}

@article{Graham:2011,
author = {Graham, T A and Humphries, A and Sanders, T and Justo, M Rodriguez and Tadrous, P J and Preston, S L and Novelli, M R and Leedham, S J and Mcdonald, S A C and Wright, N A},
title = {{Use of Methylation Patterns to Determine Expansion of Stem Cell Clones in Human Colon Tissue}},
journal = {Gastroenterology},
year = {2011},
volume = {140},
number = {4},
pages = {1241--1250.e9},
month = apr
}

@article{Siegmund:2009,
author = {Siegmund, KD and Marjoram, P and Woo, YJ and Tavar{\'e}, S and Shibata, D},
title = {{Inferring clonal expansion and cancer stem cell dynamics from DNA methylation patterns in colorectal cancers}},
journal = {Proceedings of the National Academy of Sciences},
year = {2009},
volume = {106},
number = {12},
pages = {4828}
}

@article{Sandoval2011,
  title={Validation of a DNA methylation microarray for 450,000 CpG sites in the human genome},
  author={Sandoval, Juan and Heyn, Holger and Moran, Sebastian and Serra-Musach, Jordi and Pujana, Miguel A and Bibikova, Marina and Esteller, Manel},
  journal={Epigenetics},
  volume={6},
  number={6},
  pages={692--702},
  year={2011},
  publisher={Taylor \& Francis}
}

@article{Chodavarapu2010,
  title={Relationship between nucleosome positioning and DNA methylation},
  author={Chodavarapu, Ramakrishna K and Feng, Suhua and Bernatavichute, Yana V and Chen, Pao-Yang and Stroud, Hume and Yu, Yanchun and Hetzel, Jonathan A and Kuo, Frank and Kim, Jin and Cokus, Shawn J and others},
  journal={Nature},
  volume={466},
  number={7304},
  pages={388--392},
  year={2010},
  publisher={Nature Publishing Group}
}

@article{Chen2013,
  title={Discovery of cross-reactive probes and polymorphic CpGs in the Illumina Infinium HumanMethylation450 microarray},
  author={Chen, Yi-an and Lemire, Mathieu and Choufani, Sanaa and Butcher, Darci T and Grafodatskaya, Daria and Zanke, Brent W and Gallinger, Steven and Hudson, Thomas J and Weksberg, Rosanna},
  journal={Epigenetics},
  volume={8},
  number={2},
  pages={203--209},
  year={2013},
  publisher={Taylor \& Francis}
}

@article{Luebeck2002,
author = {Luebeck, EG and Moolgavkar, SH},
title = {{Multistage carcinogenesis and the incidence of colorectal cancer}},
journal = {Proceedings of the National Academy of Sciences},
year = {2002},
volume = {99},
number = {23},
pages = {15095}
}

@article{Luebeck2017,
  title={Identification of a key role of widespread epigenetic drift in Barrett’s esophagus and esophageal adenocarcinoma},
  author={Luebeck, E Georg and Curtius, Kit and Hazelton, William D and Maden, Sean and Yu, Ming and Thota, Prashanthi N and Patil, Deepa T and Chak, Amitabh and Willis, Joseph E and Grady, William M},
  journal={Clinical Epigenetics},
  volume={9},
  number={1},
  pages={113},
  year={2017},
  publisher={BioMed Central}
}

@article{Chettouh2017,
author = {Chettouh, Hamza and Mowforth, Oliver and Galeano-Dalmau, N{\'u}ria and Bezawada, Navya and Ross-Innes, Caryn and MacRae, Shona and Debiram-Beecham, Irene and O'Donovan, Maria and Fitzgerald, Rebecca C},
title = {{Methylation panel is a diagnostic biomarker for Barrett's oesophagus in endoscopic biopsies and non-endoscopic cytology specimens.}},
journal = {Gut},
year = {2017},
pages = {gutjnl--2017--314026--9},
month = oct
}

@article{TCGA-EAC2017,
title = {{Integrated genomic characterization of oesophageal carcinoma}},
journal = {Nature},
year = {2017},
volume = {541},
number = {7636},
pages = {169--175},
month = jan
}

@article{Luo2014,
author = {Luo, Yanxin and Wong, Chao-Jen and Kaz, Andrew M and Dzieciatkowski, Slavomir and Carter, Kelly T and Morris, Shelli M and Wang, Jianping and Willis, Joseph E and Makar, Karen W and Ulrich, Cornelia M and Lutterbaugh, James D and Shrubsole, Martha J and Zheng, Wei and Markowitz, Sanford D and Grady, William M},
title = {{Differences in DNA Methylation Signatures Reveal Multiple Pathways of Progression From Adenoma to Colorectal Cancer}},
journal = {Gastroenterology},
year = {2014},
volume = {147},
number = {2},
pages = {418--429.e8},
month = aug
}

@article{Meza2008,
author = {Meza, R and Jeon, J and Moolgavkar, SH and Luebeck, EG},
title = {{Age-specific incidence of cancer: Phases, transitions, and biological implications}},
journal = {Proceedings of the National Academy of Sciences},
year = {2008},
volume = {105},
number = {42},
pages = {16284}
}

@article{Luebeck1999,
author = {Luebeck, E G and Heidenreich, W F and Hazelton, W D and Paretzke, H G and Moolgavkar, S H},
title = {{Biologically based analysis of the data for the Colorado uranium miners cohort: age, dose and dose-rate effects}},
journal = {Radiation research},
year = {1999},
volume = {152},
number = {4},
pages = {339--351},
month = oct
}

@article{Hazelton2001,
author = {Hazelton, W D and Luebeck, E G and Heidenreich, W F and Moolgavkar, S H},
title = {{Analysis of a historical cohort of Chinese tin miners with arsenic, radon, cigarette smoke, and pipe smoke exposures using the biologically based two-stage clonal expansion model.}},
journal = {Radiation research},
year = {2001},
volume = {156},
number = {1},
pages = {78--94},
month = jul
}

@article{Luebeck2013,
author = {Luebeck, E G and Curtius, K and Jeon, J and Hazelton, W D},
title = {{Impact of Tumor Progression on Cancer Incidence Curves}},
journal = {Cancer Research},
year = {2013},
volume = {73},
number = {3},
pages = {1086--1096},
month = jan
}

@article{Jeon2006,
author = {Jeon, J and Luebeck, EG and Moolgavkar, SH},
title = {{Age effects and temporal trends in adenocarcinoma of the esophagus and gastric cardia (United States)}},
journal = {Cancer causes {\&} control : CCC},
year = {2006},
volume = {17},
number = {7},
pages = {971--981}
}

@article{Jeon2008,
author = {Jeon, Jihyoun and Meza, Rafael and Moolgavkar, Suresh H and Luebeck, E Georg},
title = {{Evaluation of screening strategies for pre-malignant lesions using a biomathematical approach.}},
journal = {Mathematical Biosciences},
year = {2008},
volume = {213},
number = {1},
pages = {56--70},
month = may
}

@article{Dewanji2011,
author = {Dewanji, Anup and Jeon, Jihyoun and Meza, Rafael and Luebeck, E Georg},
title = {{Number and size distribution of colorectal adenomas under the multistage clonal expansion model of cancer.}},
journal = {PLoS Computational Biology},
year = {2011},
volume = {7},
number = {10},
pages = {e1002213},
month = oct
}

@article{Kikuchi1997,
author = {Kikuchi, Y and Dinjens, W N and Bosman, F T},
title = {{Proliferation and apoptosis in proliferative lesions of the colon and rectum.}},
journal = {Virchows Archiv : an international journal of pathology},
year = {1997},
volume = {431},
number = {2},
pages = {111--117},
month = aug
}

@article{Beerman2013,
  title={Proliferation-dependent alterations of the DNA methylation landscape underlie hematopoietic stem cell aging},
  author={Beerman, Isabel and Bock, Christoph and Garrison, Brian S and Smith, Zachary D and Gu, Hongcang and Meissner, Alexander and Rossi, Derrick J},
  journal={Cell Stem Cell},
  volume={12},
  number={4},
  pages={413--425},
  year={2013},
  publisher={Elsevier}
}

@article{Issa2014,
  title={Aging and epigenetic drift: a vicious cycle},
  author={Issa, Jean-Pierre},
  journal={The Journal of clinical investigation},
  volume={124},
  number={1},
  pages={24--29},
  year={2014},
  publisher={Am Soc Clin Investig}
}

@article{Zheng2016,
author = {Zheng, Shijie C and Widschwendter, Martin and Teschendorff, Andrew E},
title = {{Epigenetic drift, epigenetic clocks and cancer risk}},
journal = {Epigenomics},
year = {2016},
volume = {8},
number = {5},
pages = {705--719},
month = may
}

@article{Baker2014,
author = {Baker, Ann-Marie and Cereser, Biancastella and Melton, Samuel and Fletcher, Alexander G and Rodriguez-Justo, Manuel and Tadrous, Paul J and Humphries, Adam and Elia, George and McDonald, Stuart A C and Wright, Nicholas A and Simons, Benjamin D and Jansen, Marnix and Graham, Trevor A},
title = {{Quantification of Crypt and Stem Cell Evolution in the Normal and Neoplastic Human Colon}},
journal = {CellReports},
year = {2014},
volume = {8},
number = {4},
pages = {940--947},
month = aug
}

@article{Ohashi2015,
author = {Ohashi, Shinya and Miyamoto, Shin{\textquoteright}ichi and Kikuchi, Osamu and Goto, Tomoyuki and Amanuma, Yusuke and Muto, Manabu},
title = {{Recent Advances From Basic and Clinical Studies of Esophageal Squamous Cell Carcinoma}},
journal = {Gastroenterology},
year = {2015},
volume = {149},
number = {7},
pages = {1700--1715},
month = dec
}

@article{Slaughter1953,
author = {Slaughter, D P and Southwick, H W and Smejkal, W},
title = {{Field cancerization in oral stratified squamous epithelium; clinical implications of multicentric origin.}},
journal = {Cancer},
year = {1953},
volume = {6},
number = {5},
pages = {963--968},
month = sep
}

@article{Martincorena2018,
author = {Martincorena, I{\~n}igo and Fowler, Joanna C and Wabik, Agnieszka and Lawson, Andrew R J and Abascal, Federico and Hall, Michael W J and Cagan, Alex and Murai, Kasumi and Mahbubani, Krishnaa and Stratton, Michael R and Fitzgerald, Rebecca C and Handford, Penny A and Campbell, Peter J and Saeb-Parsy, Kourosh and Jones, Philip H},
title = {{Somatic mutant clones colonize the human esophagus with age.}},
journal = {Science},
year = {2018},
volume = {362},
number = {6417},
pages = {911--917},
month = nov
}

@article{Moolgavkar1990,
author = {Moolgavkar, S H and Luebeck, G},
title = {{Two-event model for carcinogenesis: biological, mathematical, and statistical considerations.}},
journal = {Risk analysis : an official publication of the Society for Risk Analysis},
year = {1990},
volume = {10},
number = {2},
pages = {323--341},
month = jun
}

@article{Luebeck2019,
author = {Luebeck, Georg E and Hazelton, William D and Curtius, Kit and Maden, Sean K and Yu, Ming and Carter, Kelly T and Burke, Wynn and Lampe, Paul D and Li, Christopher I and Ulrich, Cornelia M and Newcomb, Polly A and Westerhoff, Maria and Kaz, Andrew M and Luo, Yanxin and Inadomi, John M and Grady, William M},
title = {{Implications of Epigenetic Drift in Colorectal Neoplasia.}},
journal = {Cancer Research},
year = {2019},
volume = {79},
number = {3},
pages = {495--504},
month = feb
}

@article{Meza2010,
author = {Meza, Rafael and Jeon, Jihyoun and Renehan, Andrew G and Luebeck, E Georg},
title = {{Colorectal cancer incidence trends in the United States and United kingdom: evidence of right- to left-sided biological gradients with implications for screening.}},
journal = {Cancer Research},
year = {2010},
volume = {70},
number = {13},
pages = {5419--5429},
month = jul
}

@article{Tomasetti2015,
author = {Tomasetti, Cristian and Vogelstein, Bert},
title = {{Cancer etiology. Variation in cancer risk among tissues can be explained by the number of stem cell divisions.}},
journal = {Science},
year = {2015},
volume = {347},
number = {6217},
pages = {78--81},
month = jan
}

@article{Drake1998,
author = {Drake, John W and Charlesworth, Brian and Charlesworth, Deborah and Crow, James F},
title = {{Rates of Spontaneous Mutation}},
journal = {Genetics},
year = {1998},
volume = {148},
number = {4},
pages = {1667--1686},
month = apr
}

@article{Holford2016,
author = {Holford, Theodore R and Levy, David T and Meza, Rafael},
title = {{Comparison of Smoking History Patterns Among African American and White Cohorts in the United States Born 1890 to 1990}},
journal = {Nicotine {\&} Tobacco Research},
year = {2016},
volume = {18},
number = {suppl 1},
pages = {S16--S29},
month = mar
}

@article{Holford1991,
author = {Holford, T R},
title = {{Understanding the effects of age, period, and cohort on incidence and mortality rates.}},
journal = {Annual Review of Public Health},
year = {1991},
volume = {12},
number = {1},
pages = {425--457}
}

@article{Agrawal2012,
author = {Agrawal, Nishant and Jiao, Yuchen and Bettegowda, Chetan and Hutfless, Susan M and Wang, Yuxuan and David, Stefan and Cheng, Yulan and Twaddell, William S and Latt, Nyan L and Shin, Eun J and Wang, Li-Dong and Wang, Liang and Yang, Wancai and Velculescu, Victor E and Vogelstein, Bert and Papadopoulos, Nickolas and Kinzler, Kenneth W and Meltzer, Stephen J},
title = {{Comparative genomic analysis of esophageal adenocarcinoma and squamous cell carcinoma.}},
journal = {Cancer Discovery},
year = {2012},
volume = {2},
number = {10},
pages = {899--905},
month = oct
}

@article{TCGAeso2017,
author = {{Cancer Genome Atlas Research Network} and {Analysis Working Group: Asan University} and {BC Cancer Agency} and {Brigham and Women{\textquoteright}s Hospital} and {Broad Institute} and {Brown University} and {Case Western Reserve University} and {Dana-Farber Cancer Institute} and {Duke University} and {Greater Poland Cancer Centre} and {Harvard Medical School} and {Institute for Systems Biology} and {KU Leuven} and {Mayo Clinic} and {Memorial Sloan Kettering Cancer Center} and {National Cancer Institute} and {Nationwide Children{\textquoteright}s Hospital} and {Stanford University} and {University of Alabama} and {University of Michigan} and {University of North Carolina} and {University of Pittsburgh} and {University of Rochester} and {University of Southern California} and {University of Texas MD Anderson Cancer Center} and {University of Washington} and {Van Andel Research Institute} and {Vanderbilt University} and {Washington University} and {Genome Sequencing Center: Broad Institute} and {Washington University in St. Louis} and {Genome Characterization Centers: BC Cancer Agency} and {Sidney Kimmel Comprehensive Cancer Center at Johns Hopkins University} and {University of Southern California Epigenome Center} and {Genome Data Analysis Centers: Broad Institute} and {University of California Santa Cruz} and {Biospecimen Core Resource: International Genomics Consortium} and {Research Institute at Nationwide Children{\textquoteright}s Hospital} and {Tissue Source Sites: Analytic Biologic Services} and {Asan Medical Center} and {Asterand Bioscience} and {Barretos Cancer Hospital} and {BioreclamationIVT} and {Botkin Municipal Clinic} and {Chonnam National University Medical School} and {Christiana Care Health System} and {Cureline} and {Emory University} and {Erasmus University} and {Indiana University School of Medicine} and {Institute of Oncology of Moldova} and {International Genomics Consortium} and {Invidumed} and {Israelitisches Krankenhaus Hamburg} and {Keimyung University School of Medicine} and {National Cancer Center Goyang} and {Ontario Tumour Bank} and {Peter MacCallum Cancer Centre} and {Pusan National University Medical School} and {Ribeir{\~a}o Preto Medical School} and {St. Joseph{\textquoteright}s Hospital {\&}Medical Center} and {St. Petersburg Academic University} and {Tayside Tissue Bank} and {University of Dundee} and {University of Kansas Medical Center} and {University of North Carolina at Chapel Hill} and {University of Pittsburgh School of Medicine} and {Disease Working Group: Duke University} and {Yonsei University College of Medicine} and {Data Coordination Center: CSRA Inc.} and {Project Team: National Institutes of Health}},
title = {{Integrated genomic characterization of oesophageal carcinoma.}},
journal = {Nature},
year = {2017},
volume = {541},
number = {7636},
pages = {169--175},
month = jan
}

@incollection{Knudson1973,
  title={Mutation and human cancer},
  author={Knudson Jr, Alfred G},
  booktitle={Advances in Cancer Research},
  volume={17},
  pages={317--352},
  year={1973},
  publisher={Elsevier}
}




